<?xml version="1.0" encoding="UTF-8"?><record xmlns="http://www.loc.gov/MARC21/slim" xmlns:cinclude="http://apache.org/cocoon/include/1.0" xmlns:zs="http://www.loc.gov/zing/srw/">
  <leader>01023cz  a2200193n  4500</leader>
  <controlfield tag="001">n  86044307 </controlfield>
  <controlfield tag="003">DLC</controlfield>
  <controlfield tag="005">20080409075248.0</controlfield>
  <controlfield tag="008">870403n| acannaabn          |a ana      </controlfield>
  <datafield tag="010" ind1=" " ind2=" ">
    <subfield code="a">n  86044307 </subfield>
  </datafield>
  <datafield tag="035" ind1=" " ind2=" ">
    <subfield code="a">(OCoLC)oca01824854</subfield>
  </datafield>
  <datafield tag="040" ind1=" " ind2=" ">
    <subfield code="a">DLC</subfield>
    <subfield code="b">eng</subfield>
    <subfield code="c">DLC</subfield>
    <subfield code="d">DLC</subfield>
    <subfield code="d">OCoLC</subfield>
  </datafield>
  <datafield tag="110" ind1="2" ind2=" ">
    <subfield code="a">Statistics Canada.</subfield>
    <subfield code="b">General Economic Statistic</subfield>
  </datafield>
  <datafield tag="410" ind1="2" ind2=" ">
    <subfield code="a">Statistics Canada.</subfield>
    <subfield code="b">Business Trade and Statistics Field.</subfield>
    <subfield code="b">General Economic Statistic</subfield>
  </datafield>
  <datafield tag="410" ind1="2" ind2=" ">
    <subfield code="a">Statistics Canada.</subfield>
    <subfield code="b">Statistique économique générale</subfield>
  </datafield>
  <datafield tag="510" ind1="2" ind2=" ">
    <subfield code="w">b</subfield>
    <subfield code="a">Statistics Canada.</subfield>
    <subfield code="b">Industry, Trade and Prices Statistics Branch</subfield>
  </datafield>
  <datafield tag="510" ind1="2" ind2=" ">
    <subfield code="w">b</subfield>
    <subfield code="a">Statistics Canada.</subfield>
    <subfield code="b">Resources, Technology &amp; Services Statistics Branch</subfield>
  </datafield>
  <datafield tag="670" ind1=" " ind2=" ">
    <subfield code="a">Motion picture production, 1970</subfield>
    <subfield code="b">(name not given)</subfield>
  </datafield>
  <datafield tag="670" ind1=" " ind2=" ">
    <subfield code="a">NLC 12-17-86</subfield>
    <subfield code="b">(AACR 2: Statistics Canada. General Economic Statistic; est. Dec.? 1984; ceased to exist June? 1985 when amalgamated with Business Statistics Branch to form Industry, Trade and Prices Statistics Branch, and, Resources, Technology &amp; Services Statistics Branch)</subfield>
  </datafield>
</record>